<record><leader>00000cas a22000007a 4500</leader><controlfield tag="001">9388803</controlfield><controlfield tag="008">830408d18381848mauwr ne      0    0eng d</controlfield><datafield ind1=" " ind2=" " tag="010"><subfield code="a">sn 83020536 </subfield></datafield><datafield ind1=" " ind2=" " tag="040"><subfield code="a">NPX</subfield><subfield code="b">eng</subfield><subfield code="c">NPX</subfield><subfield code="d">NPU</subfield><subfield code="d">NPA</subfield><subfield code="d">DLC</subfield><subfield code="d">MGN</subfield><subfield code="d">OCLCQ</subfield><subfield code="d">UBY</subfield><subfield code="d">OCLCF</subfield><subfield code="d">OCLCO</subfield><subfield code="d">CUS</subfield><subfield code="d">NLC</subfield></datafield><datafield ind1=" " ind2=" " tag="016"><subfield code="a">(AMICUS)000014260123</subfield></datafield><datafield ind1=" " ind2=" " tag="042"><subfield code="a">msc</subfield></datafield><datafield ind1="0" ind2="0" tag="050"><subfield code="a">Newspaper 8301</subfield></datafield><datafield ind1="0" ind2="0" tag="245"><subfield code="a">Hingham patriot.</subfield></datafield><datafield ind1=" " ind2=" " tag="260"><subfield code="a">Hingham [Mass.] :</subfield><subfield code="b">Jedidiah Farmer,</subfield><subfield code="c">1838-1848.</subfield></datafield><datafield ind1=" " ind2=" " tag="300"><subfield code="a">11 volumes ;</subfield><subfield code="c">51-55 cm.</subfield></datafield><datafield ind1=" " ind2=" " tag="310"><subfield code="a">Weekly</subfield></datafield><datafield ind1=" " ind2=" " tag="336"><subfield code="a">text</subfield><subfield code="b">txt</subfield><subfield code="2">rdacontent</subfield></datafield><datafield ind1=" " ind2=" " tag="337"><subfield code="a">unmediated</subfield><subfield code="b">n</subfield><subfield code="2">rdamedia</subfield></datafield><datafield ind1=" " ind2=" " tag="338"><subfield code="a">volume</subfield><subfield code="b">nc</subfield><subfield code="2">rdacarrier</subfield></datafield><datafield ind1="0" ind2=" " tag="362"><subfield code="a">Vol. 1, no. 1 (July 2, 1838)-v. 11, no. 26 (Dec. 29, 1848).</subfield></datafield><datafield ind1=" " ind2=" " tag="500"><subfield code="a">Publishers: William W. Wilder &amp; J. Gill, 1841-1842; William W. Wilder, 1842-1844; J. Gill, 1844-1847; J. Gill &amp; John F. Farmer (Jedidiah Farmer, prop.), 1847-1848.</subfield></datafield><datafield ind1=" " ind2=" " tag="500"><subfield code="a">Independent, 1838-1841; "We shall have little to say on the subject of politics," 1841-1842; "True Whig principles, " 1842-1848.</subfield></datafield><datafield ind1=" " ind2=" " tag="515"><subfield code="a">Not published July 7, 1838; July 5, 1844; June 30, 1848.</subfield></datafield><datafield ind1=" " ind2=" " tag="500"><subfield code="a">Editor: J. Gill, &lt;1846&gt;-1848.</subfield></datafield><datafield ind1=" " ind2="0" tag="651"><subfield code="a">Hingham (Mass.)</subfield><subfield code="v">Newspapers.</subfield></datafield><datafield ind1=" " ind2="7" tag="651"><subfield code="a">Massachusetts</subfield><subfield code="z">Hingham.</subfield><subfield code="2">fast</subfield><subfield code="0">(OCoLC)fst01207194</subfield></datafield><datafield ind1=" " ind2="7" tag="655"><subfield code="a">Newspapers.</subfield><subfield code="2">fast</subfield><subfield code="0">(OCoLC)fst01423814</subfield></datafield><datafield ind1="1" ind2=" " tag="700"><subfield code="a">Gill, John.</subfield></datafield><datafield ind1=" " ind2=" " tag="752"><subfield code="a">United States</subfield><subfield code="b">Massachusetts</subfield><subfield code="c">Plymouth</subfield><subfield code="d">Hingham.</subfield></datafield><datafield ind1="0" ind2="0" tag="780"><subfield code="t">Hingham gazette</subfield><subfield code="w">(DLC)sn 83020535</subfield><subfield code="w">(OCoLC)9388696</subfield></datafield></record>